@article{deap,
    title        = {{DEAP}: Evolutionary Algorithms Made Easy},
    author       = {F\'elix-Antoine Fortin and Fran\c{c}ois-Michel {De Rainville} and Marc-Andr\'e Gardner and Marc Parizeau and Christian Gagn\'e},
    year         = 2012,
    month        = {jul},
    journal      = {Journal of Machine Learning Research},
    volume       = 13,
    pages        = {2171--2175}
}